@book { 4laws,
  author = "Peter Atkins",
  title = "Four Laws That Drive the Universe",
  publisher = "Oxford university Press",
  year = "2007"
}

@book { stattherintro,
  author = "Robert P. H. Gasser and W. Graham Richards",
  title = "An Introduction to Statistical Thermodynamics",
  publisher = "World Scientific Publishing Co. Pte. Ltd.",
  year = "1995"
}

@book { thermoeng,
  author = "Yunus A. \c{C}engel and Michael A. Boles",
  title = "Thermodynamics: an Engineering Approach"
}

@book { ltp1,
  author = "Reijo Karvinen",
  title = "Lämpötekniikan perusteet: Osa I"
}